@MastersThesis{shipeng,
  author =       {施鹏},
  title =        {局部特征描述子算法研究},
  school =       {上海交通大学},
  year =         2008,
  address =      {上海},
  lang =         "zh",
}

@MastersThesis{liuying,
  author =       {刘迎},
  title =        {图像局部不变特征提取研究},
  school =       {浙江工业大学},
  year =         2012,
  address =      {浙江},
  lang =         "zh",
}
@ARTICLE{yezhiyong,
  AUTHOR =       {Z. Ye and Y. Pei and J. Shi},
  TITLE =        {An Improved Algorithm for Harris Corner Detection},
  JOURNAL =      {2nd International Congress On Image and Signal Processing},
  PAGES =        "1--4",
  YEAR =         2009,
}
@ARTICLE{zhangyong,
  AUTHOR =       {Y. Zhang and J. Shi},
  TITLE =        {Adaptive Harris Corner Detection Algorithm Based on B--Spline Function},
  JOURNAL =      {2010 2nd International Conference On Intelligent Human--Machine Systems and Cybernetics},
  PAGES =        "69--72",
  YEAR =         2010,
}

@ARTICLE{harris,
  AUTHOR =       {C. Harris and M. Stephens},
  TITLE =        {A Combined Corner and Edge Detector},
  JOURNAL =      {Proceedings of the Fourth Alvey Vision Conference},
  PAGES =        "147--151",
  VOLUME =       15,
  NUMBER =       2,
  YEAR =         1988,
}
@ARTICLE{lowe,
  AUTHOR =       {D.G. Lowe},
  TITLE =        {Distinctive Image Features from Scale--Invariant Interest Points},
  JOURNAL =      {International Journal of Computer Vision},
  PAGES =        "91--110",
  VOLUME =       60,
  NUMBER =       2,
  YEAR =         2004,
}
@ARTICLE{moravec,
  author=        {H.P. Moravec},
  title=         {Visual mapping by a robot rover},
  JOURNAL =      {International Joint Conference on artificial Intelligence},
  PAGES =        "598--600",
  VOLUME =       6,
  NUMBER =       1,
  YEAR =         1979,
}
@ARTICLE{smith,
  author=        {S.M. Smith and J.M. Brady},
  title=         {SUSAN--a new approach to low level image processing},
  JOURNAL =      {International Journal of Computer Vision},
  PAGES =        "45--78",
  VOLUME =       23,
  NUMBER =       1,
  YEAR =         1997,
}

@ARTICLE{bay,
  author=        {H. Bay and T. Tuytelaars and L.V. Gool},
  title=         {Surf: Speeded up robust features},
  JOURNAL =      {In European Conference on Computer Vision},
  PAGES =        "404--407",
  YEAR =         2006,
}
@book{xujunming,
  author={徐俊明},
  title={图论及其应用},
  address={北京},
  publisher={中国科学技术大学出版社},
  year={2010},
  lang =         "zh",
}
@ARTICLE{mateti,
  author=        {P. Mateti and N. deo},
  title=         {On algorithms for enumerating all circuits of a graph},
  PAGES =        "404--407",
  YEAR =         2006,
}
@ARTICLE{syslo,
  author=        {M.M. Syslo},
  title=         {On cycle bases of a graph, Networks},
  PAGES =        "123--132",
  YEAR =         1979,
}
@ARTICLE{goodman,
  author=        {E.T. Dixon and S.E. Goodman},
  title=         {An algorithm for the longest cycle problem},
  JOURNAL =      {Networks},
  PAGES =        "139--149",
  YEAR =         1976,
}
@ARTICLE{chua,
  author=        {L.O. Chua and L.K. Chen},
  title=         {On optimally sparce cycle and coboundary basis for a linear graph},
  JOURNAL =      {IEEE Transaction on Circuit Theory},
  PAGES =        "495--503",
  YEAR =         1973,
}
@ARTICLE{stepanec,
  author=        {G.F. Stepanec},
  title=         {Basis systems of vector cycles with extremal properties in graphs},
  JOURNAL =      {Uspekhi Mat. Nauk},
  PAGES =        "171--175",
  YEAR =         1964,
}
@ARTICLE{hubicka,
  author=        {E. Hubicka and M.M. Syslo},
  title=         {Minimal bases of cycles of a graph},
  JOURNAL=        {Proceedings of the symposium held in Prague}
  PAGES =        "283--293",
  YEAR =         1975,
}
@ARTICLE{kola,
  author=        {E. KOLASINSKA},
  title=         {On a minimum cycle basis of a graph},
  PAGES =        "63--639",
  YEAR =         1980,
}
@ARTICLE{deo,
  author=        {N. Deo, G. M. Prabhu AND M. S. Krishnamoorthy},
  title=         {Algorithms for generating fundamental cycles in a graph},
  journal=       {ACM Trans. Math. Software}
  PAGES =        "26--42",
  YEAR =         1982,
}
@ARTICLE{horton,
  author=        {J.D. Horton},
  title=         {A polynomial--time algorithm to find a shortest cycle basis of a graph},
  journal=       {SIAM Journal of Computing}
  PAGES =        "359--366",
  YEAR =         1987,
}
@PHDTHESIS{pina,
  author=        {J. de Pina},
  title=         {Applications of Shortest Path Methods},
  YEAR =         1995,
  SCHOOL =       "University of Amsterdam, Netherlands",
  ADDRESS =      "Netherlands"
}
@ARTICLE{golynski,
  author=        {A. Golynski and J.D. Horton},
  title=         {A polynomial time algorithm to find the minimum cycle basis of a regular matroid},
  journal=       {8th Scandinavian Workshop on Algorithm Theory},
  YEAR =         2002,
}
@ARTICLE{berger,
  author=        {F. Berger and P. Gritzmann},
  title=         {Minimum cycle basis for network graph},
  PAGES =        "51--62",
  YEAR =         2004,
}
@ARTICLE{kavitha,
  author=        {T. Kavitha and K. Mehlhorn and D. Michail},
  title=         {31st International Colloquium on Automata, Languages and Programming},
  PAGES =        "846--857",
  YEAR =         2004,
}
@ARTICLE{mehlhorn,
  author=        {K. Mehlhorm and S. Naher},
  title=         {A Platform for Combinatorial and Geometric Computing},
  publisher=     {Cambridge University Press}
  YEAR =         1999,
}
@article{wang2013retinal,
  author = "Y. Wang and G. Ji and P. Lin and E.Trucco",
  title = "Retinal vessel segmentation using multiwavelet kernels and multiscale hierarchical decomposition",
  journal = "Pattern Recognition",
  volume = "46",
  pages = "2117--2133",
  year = "2013"
}
@book{wangzhaorui,
  author={王朝瑞},
  title={图论},
  address={北京},
  publisher={北京理工大学出版社},
  year={2004},
  lang =         "zh",
}
@book{zhangming,
  author={张铭},
  title={数据结构与算法},
  address={北京},
  publisher={高等教育出版社},
  year={2008},
  lang =         "zh",
}
@article{oliveira2014medical,
  author = "Francisco~P.~M. Oliveira and Jo{\~a}o Manuel~R.~S. Tavares",
  title = "Medical image registration: a review",
  journal = "Computer Methods in Biomechanics and Biomedical Engineering",
  volume = "17",
  pages = "73--93",
  year = "2014"
}
@article{penney1998comparison,
  author = "Graeme~P. Penney and J{\"u}rgen Weese and John~A. Little and Paul Desmedt and Derek~L.~G. Hill and David~J. Hawkes",
  title = "A comparison of similarity measures for use in 2-D--3-D medical image registration",
  journal = "IEEE Transactions on Medical Imaging",
  volume = "17",
  pages = "586--595",
  year = "1998"
}
@article{zana1999multimodal,
  author = "Fr{\'e}d{\'e}ric Zana and Jean--Claude Klein",
  title = "A multimodal registration algorithm of eye fundus images using vessels detection and Hough transform",
  journal = "IEEE Transactions on Medical Imaging",
  volume = "18",
  pages = "419--428",
  year = "1999"
}

@article{can2002feature,
  author = "Ali Can and Charles~V. Stewart and Badrinath Roysam and Howard~L. Tanenbaum",
  title = "A feature--based, robust, hierarchical algorithm for registering pairs of images of the curved human retina",
  journal = "IEEE Transactions on Pattern Analysis and Machine Intelligence",
  volume = "24",
  pages = "347--364",
  year = "2002"
}
@article{stewart2003dual,
  author = "Charles~V. Stewart and Chia--Ling Tsai and Badrinath Roysam",
  title = "The dual--bootstrap iterative closest point algorithm with application to retinal image registration",
  journal = "IEEE Transactions on Medical Imaging",
  volume = "22",
  pages = "1379--1394",
  year = "2003"
}
@article{laliberte2003registration,
  author = "France Lalibert{\'e} and Langis Gagnon and Yunlong Sheng",
  title = "Registration and fusion of retinal images----an evaluation study",
  journal = "IEEE Transactions on Medical Imaging",
  volume = "22",
  pages = "661--673",
  year = "2003"
}
@article{chanwimaluang2006hybrid,
  author = "Thitiporn Chanwimaluang and Guoliang Fan and Stephen~R. Fransen",
  title = "Hybrid retinal image registration",
  journal = "IEEE Transactions on Information Technology in Biomedicine",
  volume = "10",
  pages = "129--142",
  year = "2006"
}
@article{perez2012rerbee,
  author = "Adria Perez--Rovira and Raul Cabido and Emanuele Trucco and Stephen~J. McKenna and Jean Pierre Hubschman",
  title = "{RERBEE}: robust efficient registration via bifurcations and elongated elements applied to retinal fluorescein angiogram sequences",
  journal = "IEEE Transactions on Medical Imaging",
  volume = "31",
  pages = "140--150",
  year = "2012"
}
@inproceedings{chen2011retinal,
  author = "Li Chen and Yang Xiang and Yaojie Chen and Xiaolong Zhang",
  title = "Retinal image registration using bifurcation structures",
  booktitle = "Proceedings of the 18th IEEE International Conference on Image Processing",
  publisher = "Institute of Electrical and Electronics Engineers",
  pages = "2169--2172",
  address = "Brussels",
  month = "September",
  year = "2011"
}
@article{chen2015retinal,
  author = "Li Chen and Xiaotong Huang and Jing Tian",
  title = "Retinal image registration using topological vascular tree segmentation and bifurcation structures",
  journal = "Biomedical Signal Processing and Control",
  volume = "16",
  pages = "22--31",
  year = "2015"
}
@inproceedings{shen2012blood,
  author = "Ben Shen and Dongbo Zhang and Yinghui Peng",
  title = "Blood bifurcation structure and global to local strategy based retinal image registration",
  booktitle = "Proceedings of the 5th Chinese Conference on Pattern Recognition",
  publisher = "Springer Berlin Heidelberg",
  pages = "394--403",
  address = "Beijing, China",
  month = "September",
  year = "2012"
}
@article{barbara,
  author = "B. Zitova and J. Flusser",
  title = "Image registration methods: a survey",
  journal = "Image and Vision Computing",
  volume = "21",
  pages = "977--1000",
  year = "2003"
}
@article{kolar,
  author = "R. Kolar and V. Harabis and J. Odstrcilik",
  title = "Hybrid retinal image registration using phase correlation",
  journal = "The Imaging Science Journal",
  volume = "16",
  pages = "369--384",
  year = "2013"
}
@article{ortega2009retinal,
  author = "Marcos Ortega and Manuel~G. Penedo and Jos{\'e} Rouco and Noelia Barreira and Mar{\'\i}a~J. Carreira",
  title = "Retinal verification using a feature points--based biometric pattern",
  journal = "EURASIP Journal on Advances in Signal Processing",
  volume = "2009",
  pages = "2",
  year = "2009"
}
@article{ortega2009personal,
  author = "Marcos Ortega and Manuel~G. Penedo and Jos{\'e} Rouco and Noelia Barreira and Mar{\'\i}a~J. Carreira",
  title = "Personal verification based on extraction and characterisation of retinal feature points",
  journal = "Journal of Visual Languages \& Computing",
  volume = "20",
  pages = "80--90",
  year = "2009"
}
@article{mikamip,
  author = "T. Mikami",
  title = "Studies on the mechanization of the scallop culture",
  journal = "北海道大学水产学报",
  volume = "32",
  pages = "242--249",
  year = "1981"
}
@article{linaiguang,
  author = "A. Lin and B. Sun",
  title = "Studies on the detecting method of scallop grading based on machine vision",
  journal = "Journal of fisheries of China",
  volume = "30",
  pages = "379--403",
  year = "2006"
}
@article{guochangyou,
  author = "C. Guo and G. Cao and S. Han",
  title = "Automatic measurement of size and location in scallop based on image processing",
  journal = "Journal of Dalian ocean university",
  volume = "27",
  pages = "578--582",
  year = "2012"
}
@MastersThesis{yangxiaoguang,
  author =       {杨晓光},
  title =        {基于机器视觉的扇贝精选分级系统研究},
  school =       {大连海事大学},
  year =         2013,
  address =      {大连},
  lang =         "zh",
}
@article{weihonglei,
  author = "H. Wei and M. Yang and X. Liu",
  title = "A scallop identification method based on fuzzy theory",
  journal = "Fifth international conference on intelligent human--machine systems and cybernetics",
  volume = "2",
  pages = "486--489",
  year = "2013"
}
@article{yangmei,
  author = "M. Yang and H. Wei",
  title = "A scallop image identification method based on neural network",
  journal = "Journal of Dalian ocean university",
  volume = "29",
  pages = "70--74",
  year = "2014"
}
@article{hurley,
  author = "G.V. Hurley",
  title = "Age Estimation of Sea Scallop Larvae (Placopecten magellanicus) from Daily Growth Lines on Shells",
  journal = "J. Northw. Atl. Fish. Sci",
  volume = "7",
  pages = "123--129",
  year = "1987"
}
@article{david,
  author = "E.K. David and S.J. Douglas",
  title = "Growth Rates of the Sea Scallop, Placopecten Magellanicus, Determined from the ${}^{18}\textrm{O}/{}^{16}\textrm{O}$ Record in Shell Calcite",
  journal = "Biol Bull",
  volume = "167",
  pages = "186--199",
  year = "1984"
}
@PHDTHESIS{xuxiaoli,
  AUTHOR =       "许晓丽",
  TITLE =        "{基于聚类分析的图像分割算法研究}",
  YEAR =         2012,
  SCHOOL =       "哈尔滨工程大学",
  ADDRESS =      "哈尔滨"，
  lang =         "zh",
}
@article{xuzhengguang,
  author = "徐正光",
  title = "基于递归的二值图像连通域像素标记算法",
  journal = "计算机工程",
  volume = "32",
  pages = "186--189",
  year = "2006"
}
@book{gang,
  author={C.G. Rafael and E.W. Richard},
  title={数字图像处理（第二版）},
  address={北京},
  publisher={电子工业出版社},
  year={2009},
  lang =         "zh",
}
@book{wangshuhe,
  author={王树禾},
  title={图论},
  address={北京},
  publisher={科学出版社},
  year={2009},
  lang =         "zh",
}
@Inproceedings{Glocker02,
  author =       {B. Glocker and N. Komodakis and N. Paragios},
  title =        {Inter and intra-modal deformable registration: Continuous deformations meet efficient optimal linear programming},
  booktitle = 	 {Information Processing in Medical Imaging},
  year = 	 2007,

  pages = 	 {408--420}
}
@Article{Nunes03,
  author =       {J.~C. Nunes and Y. Bouaoune and E. Delechelle},
  title =        {A multiscale elastic registration scheme for retinal angiograms},
  journal = 	 {Computer Vision and Image Understanding},
  year = 	 2004,
  volume = 	 95,
  pages = 	 {129--149}

}
@Article{Dreo04,
  author =       {J. Dreo and J. Nunes and P. Siarry},
  title =        {Robust rigid registration of retinal angiograms through optimization},
  journal = 	 {Computerized Medical Imaging and Graphics},
  year = 	 2006,
  volume = 	 30,
  pages = 	 {453--463} 


}
@PHDTHESIS{dingnan,
  author=        {丁南南},
  title=         {基于特征点的图像配准技术研究},
  YEAR =         2012,
  SCHOOL =       "中国科学院研究生院",
  ADDRESS =      "长春",
  lang   =       "zh"
}
@Article{zhucongrong,
  author =       {朱从容},
  title =        {计算机视觉技术在水产养殖中的应用},
  journal = 	 {浙江海洋学院学报},
  year = 	 2008,
  volume = 	 27,


}
